% This file was created with JabRef 2.10.
% Encoding: Cp1252

@book{antonopoulos2017mastering,
  title={Mastering Bitcoin: Programming the Open Blockchain},
  author={Antonopoulos, Andreas M},
  year={2017},
  publisher={" O'Reilly Media, Inc."}
}

@article{poon2015bitcoin,
  title={The bitcoin lightning network: Scalable off-chain instant payments. 2016},
  author={Poon, Joseph and Dryja, Thaddeus},
  journal={URl: \url{https://lightning.network/lightning-network-paper.pdf} (visited on 2018-10-23)},
  year={2016}
}

@article{blockchain_size,
  title={Blockchain Size},
  author={blockchain.info},
  journal={URl: \url{https://blockchain.info/charts/blocks-size} (visited on 2017-10-29)},
  year={2017}
}

@misc{nakamoto2008bitcoin,
  title={Bitcoin: A peer-to-peer electronic cash system},
  author={Nakamoto, Satoshi},
  year={2008}
}

@article{BIP16,
  title={Bitcoin Improvement Proposal 16},
  author={Gavin Andresen},
  journal={URl: \url{https://github.com/bitcoin/bips/blob/master/bip-0016.mediawiki} (visited on 2018-03-28)},
  year={2012}
}

@article{BIP141,
  title={Bitcoin Improvement Proposal 141},
  author={Eric Lombrozo, Johnson Lau, Pieter Wuille},
  journal={URl: \url{https://github.com/bitcoin/bips/blob/master/bip-0141.mediawiki} (visited on 2018-04-02)},
  year={2015}
}

@article{BIP143,
  title={Bitcoin Improvement Proposal 143},
  author={Johnson Lau, Pieter Wuille},
  journal={URl: \url{https://github.com/bitcoin/bips/blob/master/bip-0143.mediawiki} (visited on 2018-04-02,
  year={2016}
}

@article{BIP62,
  title={Bitcoin Improvement Proposal 62},
  author={Pieter Wuille},
  journal={URl: \url{https://github.com/bitcoin/bips/blob/master/bip-0062.mediawiki} (visited on 2017-11-07)},
  year={2014}
}